@article{Barosova_fyziologie_spanku,
    author = " Anna Barošová",
    title = "Fyziologie spánku",
    journal = "Bakalářská práce - Přírodovědecká fakulta Masarykovy 
    Univerzity v Brně",
    year = "2007",
    note = "Dostupné online na
    \url{https://is.muni.cz/th/agf6f/Fyziologie_spanku.pdf}"
}

@article{Vitu_ukladani_ke_spanku,
    author = "Lucie Vítů",
    title = "Kvalitativní výzkum rituálů ukládání dětí ke spánku",
    journal = "Bakalářská práce - Pedagogická fakulta Jihočeské univerzity 
    v Českých Budějovicích",
    year = "2014",
    note = "Dostupné online na 
    \url{https://theses.cz/id/zlzd8m/11350341}"
}

@article{Hostalkova_spanek_odpocatost,
    author = "Tereza Hošťálková",
    title = "Délka spánku a jejích vliv na subjektivní pocit odpočatosti
    a produktivity",
    journal = "Bakalářská práce - Filozofická fakulta Univerzity Palackého v Olomouci",
    year = "2018",
    note = "Dostupné online na
    \url{https://theses.cz/id/cg62kn/24753974}"
}

@article{Truhlarova_biochemie_spanku,
    author = "Ivana Truhlářová",
    title = "Biochemie spánku",
    journal = "Bakalářská práce - Fakulta chemicko-technologicka Univerzita Pardubice",
    year = "2017",
    note = "Dostupné online na
    \url{https://dk.upce.cz/bitstream/handle/10195/69381/TruhlarovaI_Biochemie_spanku_RK_2017.pdf?sequence=1&isAllowed=y}"
}

@article{brain_basics_ninds,
    author = "",
    title = "Brain Basics: Understanding Sleep",
    journal = "National Institute of Naurological Disorders and Stroke",
    year = "2019",
    note = "Dostupné online na
    \url{https://www.ninds.nih.gov/Disorders/Patient-Caregiver-Education/Understanding-Sleep}"
}


@article{wikipedie_sleep,
    author = "",
    title = "Sleep",
    journal = "Wkipedia - The Free Encyklopedia",
    year = "2020",
    note = "Dostupné online na
    \url{https://en.wikipedia.org/wiki/Sleep}"
}


@article{mozkove_vlny_reference,
    author = "",
    title = "Mozkové vlny",
    journal = "MyKoucujeme.cz",
    year = "",
    note = "Dostupné online na
    \url{https://www.mykoucujeme.cz/neurovzdelavani/mozkove-vlny/}"
}

@article{imunitni_system_sleep,
    author = "",
    title = "How Sleep Affects Your Immunity",
    journal = "SleepFoundation.org",
    year = "",
    note = "Dostupné online na
    \url{https://www.sleepfoundation.org/articles/how-sleep-affects-your-immunity}"
}

@article{why_we_sleep_fletcher,
    author = "Jenna Fletcher",
    title = "Why sleep is essential for health",
    journal = "MedicalNewsToday.com",
    year = "2019",
    note = "Dostupné online na
    \url{https://www.medicalnewstoday.com/articles/325353#better-productivity-and-concentration}"
}

@article{nhs_lack_of_sleep,
    author = "",
    title = "Why lack of sleep is bad for your health",
    journal = "NHS.uk",
    year = "2018",
    note = "Dostupné online na
    \url{https://www.nhs.uk/live-well/sleep-and-tiredness/why-lack-of-sleep-is-bad-for-your-health/}"
}

@article{medical_news_sleep_tips,
    author = "",
    title = "The effects of going more than 24 hours without sleep",
    journal = "MedicalNewsToday. com",
    year = "2019",
    note = "Dostupné online na
    \url{https://www.medicalnewstoday.com/articles/324799#sleep-tips}"
}


@article{nhs_sleep_tips,
    author = "",
    title = "How to get to sleep",
    journal = "NHS.uk",
    year = "2019",
    note = "Dostupné online na
    \url{https://www.nhs.uk/live-well/sleep-and-tiredness/how-to-get-to-sleep/}"
}